<?xml version="1.0" encoding="UTF-8"?><record xmlns="http://www.loc.gov/MARC21/slim" xmlns:cinclude="http://apache.org/cocoon/include/1.0" xmlns:zs="http://www.loc.gov/zing/srw/">
  <leader>00510cz  a2200145n  4500</leader>
  <controlfield tag="001">n  82277075 </controlfield>
  <controlfield tag="003">DLC</controlfield>
  <controlfield tag="005">19950520054437.3</controlfield>
  <controlfield tag="008">840217n| acannaab|          |a ana |||  </controlfield>
  <datafield tag="010" ind1=" " ind2=" ">
    <subfield code="a">n  82277075 </subfield>
  </datafield>
  <datafield tag="035" ind1=" " ind2=" ">
    <subfield code="a">(OCoLC)oca01078850 </subfield>
  </datafield>
  <datafield tag="040" ind1=" " ind2=" ">
    <subfield code="a">DLC</subfield>
    <subfield code="c">DLC</subfield>
    <subfield code="d">OCoLC</subfield>
  </datafield>
  <datafield tag="110" ind1="2" ind2="0">
    <subfield code="a">Catholic Church.</subfield>
    <subfield code="b">Diocese of Kroonstad (South Africa)</subfield>
  </datafield>
  <datafield tag="410" ind1="1" ind2="0">
    <subfield code="a">Kroonstad (South Africa : Diocese : Catholic Church)</subfield>
  </datafield>
  <datafield tag="670" ind1=" " ind2=" ">
    <subfield code="a">Brislin, S. The ministry of deacons ... 1983:</subfield>
    <subfield code="b">introd. (Diocese of Kroonstad, South Africa; Catholic Church)</subfield>
  </datafield>
</record>